 @article{wehner_2008, title={The architecture of the desert ant’s navigational toolkit (Hymenoptera: Formicidae)}, volume={12}, url={https://www.antwiki.org/wiki/images/9/97/Wehner%2C_R._2009._The_architecture_of_the_desert_ant%27s_navigational_toolkit.pdf}, journal={Myrmecol. News}, author={Wehner, Rüdiger}, year={2008}, pages={85–96} }

 @article{zeil_2012, title={Visual homing: an insect perspective}, volume={22}, DOI={https://doi.org/10.1016/j.conb.2011.12.008}, number={2}, journal={Current Opinion in Neurobiology}, author={Zeil, Jochen}, year={2012}, month={Apr}, pages={285–293} }

 @article{collett_graham_harris_2007, title={Novel landmark-guided routes in ants}, volume={210}, DOI={https://doi.org/10.1242/jeb.000315}, number={12}, journal={Journal of Experimental Biology}, author={Collett, T. S. and Graham, P. and Harris, R. A.}, year={2007}, month={Jun}, pages={2025–2032} }

 @article{gkanias_mitchell_stankiewicz_khan_mitra_webb_2023, title={Celestial compass sensor mimics the insect eye for navigation under cloudy and occluded skies}, volume={2}, url={https://www.nature.com/articles/s44172-023-00132-w#Abs1}, DOI={https://doi.org/10.1038/s44172-023-00132-w}, number={1}, journal={Communications Engineering}, author={Gkanias, Evripidis and Mitchell, Robert and Stankiewicz, Jan and Khan, Sadeque Reza and Mitra, Srinjoy and Webb, Barbara}, year={2023}, month={Nov}, pages={1–12} }

 @article{ardin_peng_mangan_lagogiannis_webb_2016, title={Using an Insect Mushroom Body Circuit to Encode Route Memory in Complex Natural Environments}, volume={12}, DOI={https://doi.org/10.1371/journal.pcbi.1004683}, number={2}, journal={PLOS Computational Biology}, author={Ardin, Paul and Peng, Fei and Mangan, Michael and Lagogiannis, Konstantinos and Webb, Barbara}, editor={Ayers, Joseph}, year={2016}, month={Feb}, pages={e1004683} }

 @article{schwarz_narendra_zeil_2011, title={The properties of the visual system in the Australian desert ant Melophorus bagoti}, volume={40}, DOI={https://doi.org/10.1016/j.asd.2010.10.003}, number={2}, journal={Arthropod Structure & Development}, author={Schwarz, Sebastian and Narendra, Ajay and Zeil, Jochen}, year={2011}, month={Mar}, pages={128–134} }

 @article{zollikofer_wehner_fukushi_1995, title={Optical scaling in conspecific Cataglyphis ants}, volume={198}, DOI={https://doi.org/10.1242/jeb.198.8.1637}, number={8}, journal={Journal of Experimental Biology}, author={Zollikofer, C and Wehner, R and Fukushi, T}, year={1995}, month={Jan}, pages={1637–1646} }

 @article{ehmer_gronenberg_2003, title={Mushroom body volumes and visual interneurons in ants: Comparison between sexes and castes}, volume={469}, DOI={https://doi.org/10.1002/cne.11014}, number={2}, journal={The Journal of Comparative Neurology}, author={Ehmer, Birgit and Gronenberg, Wulfila}, year={2003}, pages={198–213} }

 @article{schürmannfw_1970, title={[Structure of the mushroom bodies of the insect brain. I. Synapses in the peduncle].}, volume={103}, number={3}, journal={PubMed}, publisher={National Institutes of Health}, author={Schürmann Fw}, year={1970}, month={Jan}, pages={365–81} }

 @article{heisenberg_2003, title={Mushroom body memoir: from maps to models}, volume={4}, url={http://www.nature.com/articles/nrn1074}, DOI={https://doi.org/10.1038/nrn1074}, number={4}, journal={Nature Reviews Neuroscience}, author={Heisenberg, Martin}, year={2003}, month={Apr}, pages={266–275} }

 @article{cassenaer_laurent_2012, title={Conditional modulation of spike-timing-dependent plasticity for olfactory learning}, volume={482}, DOI={https://doi.org/10.1038/nature10776}, number={7383}, journal={Nature}, author={Cassenaer, Stijn and Laurent, Gilles}, year={2012}, month={Jan}, pages={47–52} }

 @article{wessnitzer_young_armstrong_webb_2011, title={A model of non-elemental olfactory learning in Drosophila}, volume={32}, DOI={https://doi.org/10.1007/s10827-011-0348-6}, number={2}, journal={Journal of Computational Neuroscience}, author={Wessnitzer, Jan and Young, Joanna M. and Armstrong, J. Douglas and Webb, Barbara}, year={2011}, month={Jun}, pages={197–212} }

 @article{laurent_2002, title={Olfactory network dynamics and the coding of multidimensional signals}, volume={3}, url={https://pubmed.ncbi.nlm.nih.gov/12415296/}, DOI={https://doi.org/10.1038/nrn964}, number={11}, journal={Nature Reviews. Neuroscience}, author={Laurent, Gilles}, year={2002}, month={Nov}, pages={884–895} }